<?xml version="1.0" encoding="UTF-8"?>
  <record xmlns="http://www.loc.gov/MARC21/slim" type="Authority">
    <leader>00000nz  a2200000nc 4500</leader>
    <controlfield tag="001">118553909</controlfield>
    <controlfield tag="003">DE-101</controlfield>
    <controlfield tag="005">20220309171344.0</controlfield>
    <controlfield tag="008">880701n||azznnaabn           | aaa    |c</controlfield>
    <datafield tag="024" ind1="7" ind2=" ">
      <subfield code="a">118553909</subfield>
      <subfield code="0">http://d-nb.info/gnd/118553909</subfield>
      <subfield code="2">gnd</subfield>
    </datafield>
    <datafield tag="035" ind1=" " ind2=" ">
      <subfield code="a">(DE-101)118553909</subfield>
    </datafield>
    <datafield tag="035" ind1=" " ind2=" ">
      <subfield code="a">(DE-588)118553909</subfield>
    </datafield>
    <datafield tag="035" ind1=" " ind2=" ">
      <subfield code="z">(DE-588)1089910568</subfield>
    </datafield>
    <datafield tag="035" ind1=" " ind2=" ">
      <subfield code="z">(DE-588)1089720440</subfield>
    </datafield>
    <datafield tag="035" ind1=" " ind2=" ">
      <subfield code="z">(DE-588a)118553909</subfield>
      <subfield code="9">v:zg</subfield>
    </datafield>
    <datafield tag="035" ind1=" " ind2=" ">
      <subfield code="z">(DE-588a)127619593</subfield>
    </datafield>
    <datafield tag="035" ind1=" " ind2=" ">
      <subfield code="z">(DE-588a)119715589</subfield>
    </datafield>
    <datafield tag="035" ind1=" " ind2=" ">
      <subfield code="z">(DE-588c)4025954-7</subfield>
      <subfield code="9">v:zg</subfield>
    </datafield>
    <datafield tag="040" ind1=" " ind2=" ">
      <subfield code="a">DE-101</subfield>
      <subfield code="c">DE-101</subfield>
      <subfield code="9">r:DE-101</subfield>
      <subfield code="b">ger</subfield>
      <subfield code="d">9999</subfield>
      <subfield code="e">rda</subfield>
    </datafield>
    <datafield tag="042" ind1=" " ind2=" ">
      <subfield code="a">gnd1</subfield>
    </datafield>
    <datafield tag="043" ind1=" " ind2=" ">
      <subfield code="c">XA-DE</subfield>
    </datafield>
    <datafield tag="065" ind1=" " ind2=" ">
      <subfield code="a">3.6p</subfield>
      <subfield code="2">sswd</subfield>
    </datafield>
    <datafield tag="065" ind1=" " ind2=" ">
      <subfield code="a">16.5p</subfield>
      <subfield code="2">sswd</subfield>
    </datafield>
    <datafield tag="075" ind1=" " ind2=" ">
      <subfield code="b">p</subfield>
      <subfield code="2">gndgen</subfield>
    </datafield>
    <datafield tag="075" ind1=" " ind2=" ">
      <subfield code="b">piz</subfield>
      <subfield code="2">gndspec</subfield>
    </datafield>
    <datafield tag="079" ind1=" " ind2=" ">
      <subfield code="a">g</subfield>
      <subfield code="q">a</subfield>
      <subfield code="q">f</subfield>
      <subfield code="q">m</subfield>
      <subfield code="q">n</subfield>
      <subfield code="q">s</subfield>
      <subfield code="u">v</subfield>
      <subfield code="u">w</subfield>
      <subfield code="u">m</subfield>
      <subfield code="u">o</subfield>
    </datafield>
    <datafield tag="100" ind1="0" ind2=" ">
      <subfield code="a">Hrabanus</subfield>
      <subfield code="c">Maurus</subfield>
      <subfield code="d">780-856</subfield>
    </datafield>
    <datafield tag="375" ind1=" " ind2=" ">
      <subfield code="a">1</subfield>
      <subfield code="2">iso5218</subfield>
    </datafield>
    <datafield tag="400" ind1="0" ind2=" ">
      <subfield code="a">Rabanus</subfield>
      <subfield code="c">Maurus</subfield>
      <subfield code="d">780-856</subfield>
    </datafield>
    <datafield tag="400" ind1="1" ind2=" ">
      <subfield code="a">Maurus, Rabanus</subfield>
      <subfield code="d">780-856</subfield>
    </datafield>
    <datafield tag="400" ind1="0" ind2=" ">
      <subfield code="a">Hrabanus Magnentius</subfield>
      <subfield code="c">Maurus</subfield>
      <subfield code="d">780-856</subfield>
    </datafield>
    <datafield tag="400" ind1="0" ind2=" ">
      <subfield code="a">Rabbanus</subfield>
      <subfield code="c">Maurus</subfield>
      <subfield code="d">780-856</subfield>
    </datafield>
    <datafield tag="400" ind1="0" ind2=" ">
      <subfield code="a">Rhabanus</subfield>
      <subfield code="c">Moguntinus</subfield>
      <subfield code="d">780-856</subfield>
    </datafield>
    <datafield tag="400" ind1="0" ind2=" ">
      <subfield code="a">Rabanus</subfield>
      <subfield code="d">780-856</subfield>
    </datafield>
    <datafield tag="400" ind1="1" ind2=" ">
      <subfield code="a">Maur, Raban</subfield>
      <subfield code="d">780-856</subfield>
    </datafield>
    <datafield tag="400" ind1="0" ind2=" ">
      <subfield code="a">Rabanus Maurus</subfield>
      <subfield code="d">780-856</subfield>
    </datafield>
    <datafield tag="400" ind1="1" ind2=" ">
      <subfield code="a">Maurus, Hrabanus</subfield>
      <subfield code="d">780-856</subfield>
    </datafield>
    <datafield tag="400" ind1="0" ind2=" ">
      <subfield code="a">Hrabanus</subfield>
      <subfield code="c">Magnentius Maurus</subfield>
      <subfield code="d">780-856</subfield>
    </datafield>
    <datafield tag="400" ind1="0" ind2=" ">
      <subfield code="a">Rabanus</subfield>
      <subfield code="c">Magnentius</subfield>
      <subfield code="d">780-856</subfield>
    </datafield>
    <datafield tag="400" ind1="0" ind2=" ">
      <subfield code="a">Raban</subfield>
      <subfield code="c">Maur</subfield>
      <subfield code="d">780-856</subfield>
    </datafield>
    <datafield tag="400" ind1="0" ind2=" ">
      <subfield code="a">Magnentius Hrabanus</subfield>
      <subfield code="c">Maurus</subfield>
      <subfield code="d">780-856</subfield>
    </datafield>
    <datafield tag="400" ind1="0" ind2=" ">
      <subfield code="a">Hrabanus</subfield>
      <subfield code="c">Magnentius</subfield>
      <subfield code="d">780-856</subfield>
    </datafield>
    <datafield tag="400" ind1="0" ind2=" ">
      <subfield code="a">Rhabanus</subfield>
      <subfield code="c">Maurus</subfield>
      <subfield code="d">780-856</subfield>
    </datafield>
    <datafield tag="400" ind1="0" ind2=" ">
      <subfield code="a">Hraban</subfield>
      <subfield code="d">780-856</subfield>
    </datafield>
    <datafield tag="400" ind1="0" ind2=" ">
      <subfield code="a">Raban</subfield>
      <subfield code="d">780-856</subfield>
    </datafield>
    <datafield tag="400" ind1="0" ind2=" ">
      <subfield code="a">Rhabanus</subfield>
      <subfield code="c">Archiepiscopus</subfield>
      <subfield code="d">780-856</subfield>
    </datafield>
    <datafield tag="400" ind1="0" ind2=" ">
      <subfield code="a">Rabbanus</subfield>
      <subfield code="c">Abbas</subfield>
      <subfield code="d">780-856</subfield>
    </datafield>
    <datafield tag="400" ind1="0" ind2=" ">
      <subfield code="a">Pseudo-Hrabanus</subfield>
      <subfield code="c">Maurus</subfield>
      <subfield code="d">780-856</subfield>
    </datafield>
    <datafield tag="400" ind1="0" ind2=" ">
      <subfield code="a">Rabano</subfield>
      <subfield code="c">Mauro</subfield>
      <subfield code="d">780-856</subfield>
    </datafield>
    <datafield tag="400" ind1="1" ind2=" ">
      <subfield code="a">Mauro, Rabano</subfield>
      <subfield code="d">780-856</subfield>
    </datafield>
    <datafield tag="400" ind1="1" ind2=" ">
      <subfield code="a">Hrabanus Maurus, Magnentius</subfield>
      <subfield code="d">780-856</subfield>
    </datafield>
    <datafield tag="400" ind1="1" ind2=" ">
      <subfield code="a">Maurus, Hrabanus</subfield>
      <subfield code="c">Archevêque</subfield>
      <subfield code="d">780-856</subfield>
    </datafield>
    <datafield tag="400" ind1="1" ind2=" ">
      <subfield code="a">Maurus, Hrabanus</subfield>
      <subfield code="c">Archbishop</subfield>
      <subfield code="d">780-856</subfield>
    </datafield>
    <datafield tag="400" ind1="0" ind2=" ">
      <subfield code="a">Hraban Maur</subfield>
      <subfield code="c">Erzbischof</subfield>
      <subfield code="d">780-856</subfield>
    </datafield>
    <datafield tag="400" ind1="0" ind2=" ">
      <subfield code="a">Hraban Maur</subfield>
      <subfield code="c">Archevêque</subfield>
      <subfield code="d">780-856</subfield>
    </datafield>
    <datafield tag="400" ind1="0" ind2=" ">
      <subfield code="a">Hraban Maur</subfield>
      <subfield code="c">Archbishop</subfield>
      <subfield code="d">780-856</subfield>
    </datafield>
    <datafield tag="400" ind1="0" ind2=" ">
      <subfield code="a">Hrabanus Magnentius Maurus</subfield>
      <subfield code="c">Erzbischof</subfield>
      <subfield code="d">780-856</subfield>
    </datafield>
    <datafield tag="400" ind1="0" ind2=" ">
      <subfield code="a">Hrabanus Magnentius Maurus</subfield>
      <subfield code="c">Archevêque</subfield>
      <subfield code="d">780-856</subfield>
    </datafield>
    <datafield tag="400" ind1="0" ind2=" ">
      <subfield code="a">Hrabanus Magnentius Maurus</subfield>
      <subfield code="c">Archbishop, Germany</subfield>
      <subfield code="d">780-856</subfield>
    </datafield>
    <datafield tag="400" ind1="0" ind2=" ">
      <subfield code="a">Magnentius Hrabanus Maurus</subfield>
      <subfield code="c">Erzbischof</subfield>
      <subfield code="d">780-856</subfield>
    </datafield>
    <datafield tag="400" ind1="0" ind2=" ">
      <subfield code="a">Magnentius Hrabanus Maurus</subfield>
      <subfield code="c">Archevêque</subfield>
      <subfield code="d">780-856</subfield>
    </datafield>
    <datafield tag="400" ind1="0" ind2=" ">
      <subfield code="a">Magnentius Hrabanus Maurus</subfield>
      <subfield code="c">Archbishop</subfield>
      <subfield code="d">780-856</subfield>
    </datafield>
    <datafield tag="400" ind1="0" ind2=" ">
      <subfield code="a">Rabano Mauro</subfield>
      <subfield code="c">Erzbischof</subfield>
      <subfield code="d">780-856</subfield>
    </datafield>
    <datafield tag="400" ind1="0" ind2=" ">
      <subfield code="a">Rabano Mauro</subfield>
      <subfield code="c">Archevêque</subfield>
      <subfield code="d">780-856</subfield>
    </datafield>
    <datafield tag="400" ind1="0" ind2=" ">
      <subfield code="a">Rabano Mauro</subfield>
      <subfield code="c">Archbishop</subfield>
      <subfield code="d">780-856</subfield>
    </datafield>
    <datafield tag="400" ind1="0" ind2=" ">
      <subfield code="a">Rabanus Maurus</subfield>
      <subfield code="c">Erzbischof von Mainz</subfield>
      <subfield code="d">780-856</subfield>
    </datafield>
    <datafield tag="400" ind1="0" ind2=" ">
      <subfield code="a">Hraban</subfield>
      <subfield code="c">von Mainz</subfield>
      <subfield code="d">780-856</subfield>
    </datafield>
    <datafield tag="400" ind1="0" ind2=" ">
      <subfield code="a">Rabanus Maurus</subfield>
      <subfield code="c">Erzbischof</subfield>
      <subfield code="d">780-856</subfield>
    </datafield>
    <datafield tag="400" ind1="0" ind2=" ">
      <subfield code="a">Rabani</subfield>
      <subfield code="c">Mauri</subfield>
      <subfield code="d">780-856</subfield>
    </datafield>
    <datafield tag="400" ind1="0" ind2=" ">
      <subfield code="a">Rabanus</subfield>
      <subfield code="c">Mogontiacensis episcopus</subfield>
      <subfield code="d">780-856</subfield>
    </datafield>
    <datafield tag="400" ind1="0" ind2=" ">
      <subfield code="a">Raban Maur</subfield>
      <subfield code="c">Archevêque</subfield>
      <subfield code="d">780-856</subfield>
    </datafield>
    <datafield tag="400" ind1="0" ind2=" ">
      <subfield code="a">Raban Maur</subfield>
      <subfield code="c">Archbishop</subfield>
      <subfield code="d">780-856</subfield>
    </datafield>
    <datafield tag="400" ind1="0" ind2=" ">
      <subfield code="a">Rabanus Magnentius</subfield>
      <subfield code="c">Erzbischof</subfield>
      <subfield code="d">780-856</subfield>
    </datafield>
    <datafield tag="400" ind1="0" ind2=" ">
      <subfield code="a">Rabanus Magnentius</subfield>
      <subfield code="c">Archevêque</subfield>
      <subfield code="d">780-856</subfield>
    </datafield>
    <datafield tag="400" ind1="0" ind2=" ">
      <subfield code="a">Rabanus Magnentius</subfield>
      <subfield code="c">Archbishop</subfield>
      <subfield code="d">780-856</subfield>
    </datafield>
    <datafield tag="400" ind1="0" ind2=" ">
      <subfield code="a">Raban Maur</subfield>
      <subfield code="c">Erzbischof</subfield>
      <subfield code="d">780-856</subfield>
    </datafield>
    <datafield tag="400" ind1="0" ind2=" ">
      <subfield code="a">Rhabanus Maurus</subfield>
      <subfield code="c">Archevêque</subfield>
      <subfield code="d">780-856</subfield>
    </datafield>
    <datafield tag="400" ind1="0" ind2=" ">
      <subfield code="a">Rhabanus Maurus</subfield>
      <subfield code="c">Erzbischof</subfield>
      <subfield code="d">780-856</subfield>
    </datafield>
    <datafield tag="400" ind1="0" ind2=" ">
      <subfield code="a">Hrabanus Maurus</subfield>
      <subfield code="c">Erzbischof</subfield>
      <subfield code="d">780-856</subfield>
    </datafield>
    <datafield tag="400" ind1="0" ind2=" ">
      <subfield code="a">Rabanus Maurus</subfield>
      <subfield code="c">Archevêque</subfield>
      <subfield code="d">780-856</subfield>
    </datafield>
    <datafield tag="400" ind1="0" ind2=" ">
      <subfield code="a">Rhabanus Maurus</subfield>
      <subfield code="c">Archbishop</subfield>
      <subfield code="d">780-856</subfield>
    </datafield>
    <datafield tag="400" ind1="0" ind2=" ">
      <subfield code="9">L:eng</subfield>
      <subfield code="a">Hrabanus Maurus</subfield>
      <subfield code="c">Archbishop</subfield>
      <subfield code="d">780-856</subfield>
      <subfield code="5">CH-GND</subfield>
    </datafield>
    <datafield tag="400" ind1="0" ind2=" ">
      <subfield code="a">Rabanus Maurus</subfield>
      <subfield code="c">Archbishop</subfield>
      <subfield code="d">780-856</subfield>
    </datafield>
    <datafield tag="400" ind1="0" ind2=" ">
      <subfield code="9">L:fre</subfield>
      <subfield code="a">Hrabanus Maurus</subfield>
      <subfield code="c">Archevêque</subfield>
      <subfield code="d">780-856</subfield>
      <subfield code="5">CH-GND</subfield>
    </datafield>
    <datafield tag="400" ind1="1" ind2=" ">
      <subfield code="a">Maurus, Hrabanus</subfield>
      <subfield code="c">Erzbischof</subfield>
      <subfield code="d">780-856</subfield>
    </datafield>
    <datafield tag="500" ind1="0" ind2=" ">
      <subfield code="0">(DE-101)11850245X</subfield>
      <subfield code="0">(DE-588)11850245X</subfield>
      <subfield code="0">https://d-nb.info/gnd/11850245X</subfield>
      <subfield code="a">Ambrosius</subfield>
      <subfield code="c">Mediolanensis, Heiliger</subfield>
      <subfield code="d">339-397</subfield>
      <subfield code="4">beza</subfield>
      <subfield code="4">https://d-nb.info/standards/elementset/gnd#acquaintanceshipOrFriendship</subfield>
      <subfield code="w">r</subfield>
      <subfield code="i">Bekanntschaft</subfield>
      <subfield code="e">Bekanntschaft</subfield>
      <subfield code="9">v:VD-16 Mitverf.</subfield>
    </datafield>
    <datafield tag="500" ind1="1" ind2=" ">
      <subfield code="0">(DE-101)118505114</subfield>
      <subfield code="0">(DE-588)118505114</subfield>
      <subfield code="0">https://d-nb.info/gnd/118505114</subfield>
      <subfield code="a">Augustinus, Aurelius</subfield>
      <subfield code="c">Heiliger</subfield>
      <subfield code="d">354-430</subfield>
      <subfield code="4">beza</subfield>
      <subfield code="4">https://d-nb.info/standards/elementset/gnd#acquaintanceshipOrFriendship</subfield>
      <subfield code="w">r</subfield>
      <subfield code="i">Bekanntschaft</subfield>
      <subfield code="e">Bekanntschaft</subfield>
      <subfield code="9">v:VD-16 Mitverf.</subfield>
    </datafield>
    <datafield tag="500" ind1="0" ind2=" ">
      <subfield code="0">(DE-101)118531425</subfield>
      <subfield code="0">(DE-588)118531425</subfield>
      <subfield code="0">https://d-nb.info/gnd/118531425</subfield>
      <subfield code="a">Eusebius</subfield>
      <subfield code="c">Caesariensis</subfield>
      <subfield code="d">260-339</subfield>
      <subfield code="4">beza</subfield>
      <subfield code="4">https://d-nb.info/standards/elementset/gnd#acquaintanceshipOrFriendship</subfield>
      <subfield code="w">r</subfield>
      <subfield code="i">Bekanntschaft</subfield>
      <subfield code="e">Bekanntschaft</subfield>
      <subfield code="9">v:VD-16 Mitverf.</subfield>
    </datafield>
    <datafield tag="500" ind1="1" ind2=" ">
      <subfield code="0">(DE-101)119832216</subfield>
      <subfield code="0">(DE-588)119832216</subfield>
      <subfield code="0">https://d-nb.info/gnd/119832216</subfield>
      <subfield code="a">Simler, Georg</subfield>
      <subfield code="d">1476-1535</subfield>
      <subfield code="4">beza</subfield>
      <subfield code="4">https://d-nb.info/standards/elementset/gnd#acquaintanceshipOrFriendship</subfield>
      <subfield code="w">r</subfield>
      <subfield code="i">Bekanntschaft</subfield>
      <subfield code="e">Bekanntschaft</subfield>
      <subfield code="9">v:VD-16 Mitverf.</subfield>
    </datafield>
    <datafield tag="500" ind1="1" ind2=" ">
      <subfield code="0">(DE-101)120517728</subfield>
      <subfield code="0">(DE-588)120517728</subfield>
      <subfield code="0">https://d-nb.info/gnd/120517728</subfield>
      <subfield code="a">Prael, Johannes</subfield>
      <subfield code="d">ca. 16. Jh.</subfield>
      <subfield code="4">beza</subfield>
      <subfield code="4">https://d-nb.info/standards/elementset/gnd#acquaintanceshipOrFriendship</subfield>
      <subfield code="w">r</subfield>
      <subfield code="i">Bekanntschaft</subfield>
      <subfield code="e">Bekanntschaft</subfield>
      <subfield code="9">v:VD-16 Mitverf.</subfield>
    </datafield>
    <datafield tag="500" ind1="1" ind2=" ">
      <subfield code="0">(DE-101)118697544</subfield>
      <subfield code="0">(DE-588)118697544</subfield>
      <subfield code="0">https://d-nb.info/gnd/118697544</subfield>
      <subfield code="a">Gresemund, Dietrich</subfield>
      <subfield code="d">1475-1512</subfield>
      <subfield code="4">beza</subfield>
      <subfield code="4">https://d-nb.info/standards/elementset/gnd#acquaintanceshipOrFriendship</subfield>
      <subfield code="w">r</subfield>
      <subfield code="i">Bekanntschaft</subfield>
      <subfield code="e">Bekanntschaft</subfield>
      <subfield code="9">v:VD-16 Mitverf.</subfield>
    </datafield>
    <datafield tag="500" ind1="1" ind2=" ">
      <subfield code="0">(DE-101)100776329</subfield>
      <subfield code="0">(DE-588)100776329</subfield>
      <subfield code="0">https://d-nb.info/gnd/100776329</subfield>
      <subfield code="a">Gallinarius, Johannes</subfield>
      <subfield code="d">1475-1516</subfield>
      <subfield code="4">beza</subfield>
      <subfield code="4">https://d-nb.info/standards/elementset/gnd#acquaintanceshipOrFriendship</subfield>
      <subfield code="w">r</subfield>
      <subfield code="i">Bekanntschaft</subfield>
      <subfield code="e">Bekanntschaft</subfield>
      <subfield code="9">v:VD-16 Mitverf.</subfield>
    </datafield>
    <datafield tag="500" ind1="1" ind2=" ">
      <subfield code="0">(DE-101)123978386</subfield>
      <subfield code="0">(DE-588)123978386</subfield>
      <subfield code="0">https://d-nb.info/gnd/123978386</subfield>
      <subfield code="a">Anshelm, Thomas</subfield>
      <subfield code="d">-1523</subfield>
      <subfield code="4">beza</subfield>
      <subfield code="4">https://d-nb.info/standards/elementset/gnd#acquaintanceshipOrFriendship</subfield>
      <subfield code="w">r</subfield>
      <subfield code="i">Bekanntschaft</subfield>
      <subfield code="e">Bekanntschaft</subfield>
      <subfield code="9">v:VD-16 Mitverf.</subfield>
    </datafield>
    <datafield tag="500" ind1="1" ind2=" ">
      <subfield code="0">(DE-101)128993553</subfield>
      <subfield code="0">(DE-588)128993553</subfield>
      <subfield code="0">https://d-nb.info/gnd/128993553</subfield>
      <subfield code="a">Carinthus, Ulrich</subfield>
      <subfield code="d">ca. 15. Jh.</subfield>
      <subfield code="4">beza</subfield>
      <subfield code="4">https://d-nb.info/standards/elementset/gnd#acquaintanceshipOrFriendship</subfield>
      <subfield code="w">r</subfield>
      <subfield code="i">Bekanntschaft</subfield>
      <subfield code="e">Bekanntschaft</subfield>
      <subfield code="9">v:VD-16 Mitverf.</subfield>
    </datafield>
    <datafield tag="510" ind1="2" ind2=" ">
      <subfield code="0">(DE-101)000258806</subfield>
      <subfield code="0">(DE-588)25880-5</subfield>
      <subfield code="0">https://d-nb.info/gnd/25880-5</subfield>
      <subfield code="a">Benediktiner</subfield>
      <subfield code="4">affi</subfield>
      <subfield code="4">https://d-nb.info/standards/elementset/gnd#affiliation</subfield>
      <subfield code="w">r</subfield>
      <subfield code="i">Affiliation</subfield>
      <subfield code="e">Affiliation</subfield>
    </datafield>
    <datafield tag="510" ind1="2" ind2=" ">
      <subfield code="0">(DE-101)040740382</subfield>
      <subfield code="0">(DE-588)4074038-9</subfield>
      <subfield code="0">https://d-nb.info/gnd/4074038-9</subfield>
      <subfield code="a">Kloster Sankt Salvator und Bonifatius Fulda</subfield>
      <subfield code="4">affi</subfield>
      <subfield code="4">https://d-nb.info/standards/elementset/gnd#affiliation</subfield>
      <subfield code="w">r</subfield>
      <subfield code="i">Affiliation</subfield>
      <subfield code="e">Affiliation</subfield>
      <subfield code="9">v:Abt</subfield>
    </datafield>
    <datafield tag="510" ind1="2" ind2=" ">
      <subfield code="0">(DE-101)1081206853</subfield>
      <subfield code="0">(DE-588)1081206853</subfield>
      <subfield code="0">https://d-nb.info/gnd/1081206853</subfield>
      <subfield code="a">Katholische Kirche</subfield>
      <subfield code="b">Diözese Mainz</subfield>
      <subfield code="4">affi</subfield>
      <subfield code="4">https://d-nb.info/standards/elementset/gnd#affiliation</subfield>
      <subfield code="w">r</subfield>
      <subfield code="i">Affiliation</subfield>
      <subfield code="e">Affiliation</subfield>
      <subfield code="9">v:Erzbischof</subfield>
    </datafield>
    <datafield tag="548" ind1=" " ind2=" ">
      <subfield code="a">780-856</subfield>
      <subfield code="4">datl</subfield>
      <subfield code="4">https://d-nb.info/standards/elementset/gnd#dateOfBirthAndDeath</subfield>
      <subfield code="w">r</subfield>
      <subfield code="i">Lebensdaten</subfield>
      <subfield code="9">v:Geburtsjahr ca.</subfield>
    </datafield>
    <datafield tag="548" ind1=" " ind2=" ">
      <subfield code="a">-04.02.856</subfield>
      <subfield code="4">datx</subfield>
      <subfield code="4">https://d-nb.info/standards/elementset/gnd#dateOfDeath</subfield>
      <subfield code="w">r</subfield>
      <subfield code="i">Exakte Lebensdaten</subfield>
    </datafield>
    <datafield tag="550" ind1=" " ind2=" ">
      <subfield code="0">(DE-101)04000273X</subfield>
      <subfield code="0">(DE-588)4000273-1</subfield>
      <subfield code="0">https://d-nb.info/gnd/4000273-1</subfield>
      <subfield code="a">Abt</subfield>
      <subfield code="4">berc</subfield>
      <subfield code="4">https://d-nb.info/standards/elementset/gnd#professionOrOccupation</subfield>
      <subfield code="w">r</subfield>
      <subfield code="i">Charakteristischer Beruf</subfield>
    </datafield>
    <datafield tag="550" ind1=" " ind2=" ">
      <subfield code="0">(DE-101)040154718</subfield>
      <subfield code="0">(DE-588)4015471-3</subfield>
      <subfield code="0">https://d-nb.info/gnd/4015471-3</subfield>
      <subfield code="a">Erzbischof</subfield>
      <subfield code="4">beru</subfield>
      <subfield code="4">https://d-nb.info/standards/elementset/gnd#professionOrOccupation</subfield>
      <subfield code="w">r</subfield>
      <subfield code="i">Beruf</subfield>
    </datafield>
    <datafield tag="550" ind1=" " ind2=" ">
      <subfield code="0">(DE-101)04032009X</subfield>
      <subfield code="0">(DE-588)4032009-1</subfield>
      <subfield code="0">https://d-nb.info/gnd/4032009-1</subfield>
      <subfield code="a">Komponist</subfield>
      <subfield code="4">beru</subfield>
      <subfield code="4">https://d-nb.info/standards/elementset/gnd#professionOrOccupation</subfield>
      <subfield code="w">r</subfield>
      <subfield code="i">Beruf</subfield>
    </datafield>
    <datafield tag="550" ind1=" " ind2=" ">
      <subfield code="0">(DE-101)041675649</subfield>
      <subfield code="0">(DE-588)4167564-2</subfield>
      <subfield code="0">https://d-nb.info/gnd/4167564-2</subfield>
      <subfield code="a">Librettist</subfield>
      <subfield code="4">beru</subfield>
      <subfield code="4">https://d-nb.info/standards/elementset/gnd#professionOrOccupation</subfield>
      <subfield code="w">r</subfield>
      <subfield code="i">Beruf</subfield>
    </datafield>
    <datafield tag="551" ind1=" " ind2=" ">
      <subfield code="0">(DE-101)040371247</subfield>
      <subfield code="0">(DE-588)4037124-4</subfield>
      <subfield code="0">https://d-nb.info/gnd/4037124-4</subfield>
      <subfield code="a">Mainz</subfield>
      <subfield code="4">ortg</subfield>
      <subfield code="4">https://d-nb.info/standards/elementset/gnd#placeOfBirth</subfield>
      <subfield code="w">r</subfield>
      <subfield code="i">Geburtsort</subfield>
    </datafield>
    <datafield tag="551" ind1=" " ind2=" ">
      <subfield code="0">(DE-101)04238608X</subfield>
      <subfield code="0">(DE-588)4238608-1</subfield>
      <subfield code="0">https://d-nb.info/gnd/4238608-1</subfield>
      <subfield code="a">Winkel</subfield>
      <subfield code="g">Rheingaukreis</subfield>
      <subfield code="4">orts</subfield>
      <subfield code="4">https://d-nb.info/standards/elementset/gnd#placeOfDeath</subfield>
      <subfield code="w">r</subfield>
      <subfield code="i">Sterbeort</subfield>
    </datafield>
    <datafield tag="551" ind1=" " ind2=" ">
      <subfield code="0">(DE-101)040188590</subfield>
      <subfield code="0">(DE-588)4018859-0</subfield>
      <subfield code="0">https://d-nb.info/gnd/4018859-0</subfield>
      <subfield code="a">Fulda</subfield>
      <subfield code="4">ortw</subfield>
      <subfield code="4">https://d-nb.info/standards/elementset/gnd#placeOfActivity</subfield>
      <subfield code="w">r</subfield>
      <subfield code="i">Wirkungsort</subfield>
    </datafield>
    <datafield tag="551" ind1=" " ind2=" ">
      <subfield code="0">(DE-101)040371247</subfield>
      <subfield code="0">(DE-588)4037124-4</subfield>
      <subfield code="0">https://d-nb.info/gnd/4037124-4</subfield>
      <subfield code="a">Mainz</subfield>
      <subfield code="4">ortw</subfield>
      <subfield code="4">https://d-nb.info/standards/elementset/gnd#placeOfActivity</subfield>
      <subfield code="w">r</subfield>
      <subfield code="i">Wirkungsort</subfield>
    </datafield>
    <datafield tag="667" ind1=" " ind2=" ">
      <subfield code="a">12-PMA</subfield>
    </datafield>
    <datafield tag="667" ind1=" " ind2=" ">
      <subfield code="a">12</subfield>
    </datafield>
    <datafield tag="667" ind1=" " ind2=" ">
      <subfield code="a">7</subfield>
    </datafield>
    <datafield tag="667" ind1=" " ind2=" ">
      <subfield code="a">VD-17</subfield>
    </datafield>
    <datafield tag="667" ind1=" " ind2=" ">
      <subfield code="a">VD-16</subfield>
    </datafield>
    <datafield tag="667" ind1=" " ind2=" ">
      <subfield code="a">LABI-BW-WLB</subfield>
    </datafield>
    <datafield tag="667" ind1=" " ind2=" ">
      <subfield code="a">LABI-BW-BLB</subfield>
    </datafield>
    <datafield tag="667" ind1=" " ind2=" ">
      <subfield code="a">Erzbischof von Mainz</subfield>
      <subfield code="5">CH-ZuETHN</subfield>
    </datafield>
    <datafield tag="667" ind1=" " ind2=" ">
      <subfield code="a">Quelle: DNB-Normdaten (Info DNB: Geburtsjahr ca.) Land Deutschland (XA-DE) Funktion(en) Komponist (k) ; sonstige Person (s) ; Textverfasser (Text) Weitere Angaben Benediktiner; Abt in Fulda; Erzbischof von Mainz; Pseudo-Hrabanus (lt. Lohr 12. Jh.): Super Porphyrium; Super Perihermenias)</subfield>
    </datafield>
    <datafield tag="670" ind1=" " ind2=" ">
      <subfield code="a">LThK; Potth.; Meyer; LMA,V,144/47; LCAuth</subfield>
    </datafield>
    <datafield tag="672" ind1=" " ind2="0">
      <subfield code="a">Super Porphyrium</subfield>
    </datafield>
    <datafield tag="672" ind1=" " ind2="0">
      <subfield code="a">Super Perihermenias</subfield>
    </datafield>
    <datafield tag="672" ind1=" " ind2="0">
      <subfield code="a">Genesis.Exodus.  1532.  (VD16 B 2988)</subfield>
    </datafield>
    <datafield tag="672" ind1=" " ind2="0">
      <subfield code="a">MAgnencij Rabani Mauri De Laudib\[us] sancte Crucis opus.erudicione versu prosa\[que] ...  1503.  (VD16 H 5271)</subfield>
    </datafield>
    <datafield tag="672" ind1=" " ind2="0">
      <subfield code="a">Opera, Ausz.  1551.  (VD16 H 5274)</subfield>
    </datafield>
    <datafield tag="672" ind1=" " ind2="0">
      <subfield code="a">Opera, Ausz.  1551.  (VD16 H 5275)</subfield>
    </datafield>
    <datafield tag="672" ind1=" " ind2="0">
      <subfield code="a">Rabani Mauri Archiepiscopi Maguntini. De Institutione clericorũ.opusculum aureum. ... ...  1504.  (VD16 H 5270)</subfield>
    </datafield>
    <datafield tag="672" ind1=" " ind2="0">
      <subfield code="a">RABANI MAVRI MOGVNTInensis Archiepiscopi,de Clericorum institutione &amp; ceremonijs ...  1532.  (VD16 H 5269)</subfield>
    </datafield>
    <datafield tag="672" ind1=" " ind2="0">
      <subfield code="a">Rabanus De institutiõe clericorum.ad Heistulphũ Archiepiscopũ. libri tres. Eiusdem epistola ...  1505.  (VD16 H 5268)</subfield>
    </datafield>
    <datafield tag="672" ind1=" " ind2="0">
      <subfield code="a">Jeremias.  1534.  (VD16 B 3784)</subfield>
    </datafield>
    <datafield tag="672" ind1=" " ind2="0">
      <subfield code="a">Numeri. Deuteronomium.  1532.  (VD16 B 3022)</subfield>
    </datafield>
    <datafield tag="672" ind1=" " ind2="0">
      <subfield code="a">Opusculum de passione Domini</subfield>
      <subfield code="f">1725</subfield>
    </datafield>
    <datafield tag="672" ind1=" " ind2="0">
      <subfield code="a">Specimen Glossarii MSCti Latino-Theotisci</subfield>
      <subfield code="f">1721</subfield>
    </datafield>
    <datafield tag="672" ind1=" " ind2="0">
      <subfield code="a">De institutione clericorum</subfield>
      <subfield code="f">1505</subfield>
    </datafield>
    <datafield tag="672" ind1=" " ind2="0">
      <subfield code="a">Merbitz, Johann V.: M. Johannis Valentini Merbitzii de varietate faciei humanae ..</subfield>
      <subfield code="f">1676</subfield>
    </datafield>
    <datafield tag="672" ind1=" " ind2="0">
      <subfield code="a">Merbitz, Johann V.: De varietate faciei humanae discursus physicus</subfield>
      <subfield code="f">1676</subfield>
    </datafield>
    <datafield tag="672" ind1=" " ind2="0">
      <subfield code="a">Carmina figurata</subfield>
      <subfield code="f">1676</subfield>
    </datafield>
    <datafield tag="672" ind1=" " ind2="0">
      <subfield code="a">Epistola ad Heribaldum</subfield>
      <subfield code="f">1671</subfield>
    </datafield>
    <datafield tag="672" ind1=" " ind2="0">
      <subfield code="a">Poenitentiale</subfield>
      <subfield code="f">1616</subfield>
    </datafield>
    <datafield tag="672" ind1=" " ind2="0">
      <subfield code="a">Opus de Sacramento Eucharistiae</subfield>
      <subfield code="f">1551</subfield>
    </datafield>
    <datafield tag="672" ind1=" " ind2="0">
      <subfield code="a">Penderecki, Krzysztof: Veni creator</subfield>
      <subfield code="f">1989</subfield>
    </datafield>
    <datafield tag="675" ind1=" " ind2=" ">
      <subfield code="a">IPI 11/2008</subfield>
    </datafield>
    <datafield tag="678" ind1=" " ind2=" ">
      <subfield code="b">Benediktiner; Abt in Fulda; Erzbischof von Mainz; Pseudo-Hrabanus &lt;Maurus&gt; (lt. Lohr 12. Jh.)</subfield>
    </datafield>
    <datafield tag="700" ind1="1" ind2="7">
      <subfield code="a">Rabanus Maurus</subfield>
      <subfield code="d">780-856</subfield>
      <subfield code="0">(DLC)n 81125846</subfield>
      <subfield code="2">naf</subfield>
      <subfield code="9">v:Archbishop of Mainz, ;784?-856</subfield>
    </datafield>
    <datafield tag="913" ind1=" " ind2=" ">
      <subfield code="S">pnd</subfield>
      <subfield code="i">5</subfield>
      <subfield code="a">Hrabanus &lt;Maurus&gt;</subfield>
      <subfield code="0">(DE-588a)118553909</subfield>
    </datafield>
  </record>
